@article{Hill1995,
 author = {Theodore P. Hill},
 journal = {Statistical Science},
 number = {4},
 pages = {354-363},
 publisher = {Institute of Mathematical Statistics},
 title = {A Statistical Derivation of the Significant-Digit Law},
 volume = {10},
 year = {1995}
}



@article{Ley1996,
 author = {Eduardo Ley},
 journal = {The American Statistician},
 number = {4},
 pages = {311-313},
 publisher = {[American Statistical Association, Taylor & Francis, Ltd.]},
 title = {On the Peculiar Distribution of the U.S. Stock Indexes' Digits},
 volume = {50},
 year = {1996}
}

@article{Nigrini2015,
author = {Mark J. Nigrini},
title = {Persistent Patterns in Stock Returns, Stock Volumes, and Accounting Data in the U.S. Capital Markets},
journal = {Journal of Accounting, Auditing \& Finance},
volume = {30},
number = {4},
pages = {541-557},
year = {2015}
}


@article{Raimi1976,
 author = {Ralph A. Raimi},
 journal = {The American Mathematical Monthly},
 number = {7},
 pages = {521-538},
 publisher = {Mathematical Association of America},
 title = {The First Digit Problem},
 volume = {83},
 year = {1976}
}



@book{b_benford1 ,
author = {Arno Berger and Theodore P. Hill},
title = {An Introduction to Benford's Law},
publisher = {Princeton University Press},
address = {Princeton NJ},
year = {2015}
}

@book{b_benford2 ,
author = {Steven J. Miller },
title = {Benford's Law: Theory \& Applications},
publisher = {Princeton University Press},
year = {2015}
}

@article{Tsagbey2017,
journal = "The American Statistician",
pages = "0--0",
year = "2017",
title = "All Data are Wrong, but Some are Useful? Advocating the Need for Data Auditing",
author = "Tsagbey, Sitsofe and de~Carvalho, Miguel and Page, Garritt L.",
month = "June"
}

@InProceedings{mebane2006,
author = {Walter Mebane },
title = {Election forensics: the second-digit Benford's law test and recent American presidential elections},
booktitle = {Election Fraud Conference},
year = {2006},
address = {Salt Lake City, Utah},
month = {September 29--30}
}




@book{DeBoor2001,
      author        = "De Boor, Carl",
      title         = "{A practical guide to splines; rev. ed.}",
      publisher     = "Springer",
      address       = "Berlin",
      series        = "Applied mathematical sciences",
      year          = "2001",
      url           = "https://cds.cern.ch/record/1428148",
}

@article{LangBrezger2004,
author = {Stefan Lang and Andreas Brezger},
title = {Bayesian P-Splines},
journal = {Journal of Computational and Graphical Statistics},
volume = {13},
number = {1},
pages = {183-212},
year  = {2004},
publisher = {Taylor & Francis},
doi = {10.1198/1061860043010},

URL = { 
        https://doi.org/10.1198/1061860043010
    
},
eprint = { 
        https://doi.org/10.1198/1061860043010
    
}

}

@ARTICLE{BrezgerSteiner2008,
title = {Monotonic Regression Based on {Bayesian} p-Splines: An Application to Estimating Price Response Functions From Store-Level Scanner Data},
author = {Brezger, Andreas and Steiner, Winfried J.},
year = {2008},
journal = {Journal of Business and Economic Statistics},
volume = {26},
pages = {90-104},
url = {https://EconPapers.repec.org/RePEc:bes:jnlbes:v:26:y:2008:p:90-104}
}

@Article{Gamerman1997,
author="Gamerman, Dani",
title="Sampling from the posterior distribution in generalized linear mixed models",
journal="Statistics and Computing",
year="1997",
month="Mar",
day="01",
volume="7",
number="1",
pages="57--68",
issn="1573-1375",
doi="10.1023/A:1018509429360",
url="https://doi.org/10.1023/A:1018509429360"
}

@Article{Joannes2015,
author={Joannes-Boyau, Renaud
and Bodin, Thomas
and Scheffers, Anja
and Sambridge, Malcolm
and May, Simon Matthias},
title={Using {Benford}'s law to investigate Natural Hazard dataset homogeneity},
journal={Scientific Reports},
year={2015},
month={Jul},
day={09},
publisher={The Author(s) SN  -},
volume={5},
url={http://dx.doi.org/10.1038/srep12046}
}

@Article{Emanuel2005,
author={Emanuel, Kerry},
title={Increasing destructiveness of tropical cyclones over the past 30 years},
journal={Nature},
year={2005},
month={Jul},
day={31},
publisher={Nature Publishing Group SN  -},
volume={436},
pages={686 EP  -},
url={http://dx.doi.org/10.1038/nature03906}
}

@Article{Landsea2005,
author={Landsea, Christopher W.},
title={Hurricanes and global warming},
journal={Nature},
year={2005},
month={Dec},
day={21},
publisher={Nature Publishing Group SN  -},
volume={438},
pages={E11 EP  -},
url={http://dx.doi.org/10.1038/nature04477}
}

@Manual{citeR,
    title = {R: A Language and Environment for Statistical Computing},
    author = {{R Core Team}},
    organization = {R Foundation for Statistical Computing},
    address = {Vienna, Austria},
    year = {2018},
    url = {https://www.R-project.org/},
  }

@Manual{geosphere,
    title = {geosphere: Spherical Trigonometry},
    author = {Robert J. Hijmans},
    year = {2017},
    note = {R package version 1.5-7},
    url = {https://CRAN.R-project.org/package=geosphere},
  }

@ARTICLE{Diekmann2007,
    author = {Andreas Diekmann},
    title = {Not the First Digit! Using Benfordâ€™s Law to Detect Fraudulent Scientific Data},
    journal = {Journal of Applied Statistics},
    year = {2007}
}