@article{rodriguez2017assessing,
  title={Assessing systematic risk in the S\&P500 index between 2000 and 2011: A Bayesian nonparametric approach},
  author={Rodr{\'\i}guez, Abel and Wang, Ziwei and Kottas, Athanasios},
  journal={The Annals of Applied Statistics},
  pages={527--552},
  year={2017},
  publisher={JSTOR}
}