@article{rodriguez2017assessing,
  title={Assessing systematic risk in the S\&P500 index between 2000 and 2011: A Bayesian nonparametric approach},
  author={Rodr{\'\i}guez, Abel and Wang, Ziwei and Kottas, Athanasios},
  journal={The Annals of Applied Statistics},
  pages={527--552},
  year={2017},
  publisher={JSTOR}
}

@article{murray_machine_2020,
	title = {Machine {Learning} and {Pattern} {Recognition} {Class} {Notes}},
	volume = {University of Edinburgh},
	journal = {INFR11130},
	author = {Murray, Ian and Onken, Arno} 
	year = {2020},
}

@article{kang2018kernel,
  title={Kernel density estimation with bounded data},
  author={Kang, Young-Jin and Noh, Yoojeong and Lim, O-Kaung},
  journal={Structural and Multidisciplinary Optimization},
  volume={57},
  number={1},
  pages={95--113},
  year={2018},
  publisher={Springer}
}

@article{arno_data_2020,
	title = {Data {Mining} and {Exploration} {Class} {Notes}},
	volume = {University of Edinburgh},
	journal = {INFR11007},
	author = {Gutmann, Michael and Onken, Arno} 
	year = {2021},
}